% Encoding: UTF-8

@Book{kochegarov_trusov,
  author    = {Кочегаров, И. И. Трусов, В. А.},
  title     = {Микроконтроллеры семейства AVR.},
  year      = {2012},
  url       = {https://dep_kipra.pnzgu.ru/files/dep_kipra.pnzgu.ru/spravochnai_i_metodicheskai_literatyra/mikrokontrollery_avr.pdf},
}
@Book{Program_model_ARM,
  author    = {Козаченко, В. Ф.},
  title     = {Практический курс микропроцессорной техники на базе процессорных ядер ARM-Cortex-M3/M4/M4F.},
  year      = {2019},
  url       = {http://motorcontrol.ru/wp-content/uploads/2019/04/%D0%9F%D1%80%D0%B0%D0%BA%D1%82%D0%B8%D1%87%D0%B5%D1%81%D0%BA%D0%B8%D0%B9_%D0%BA%D1%83%D1%80%D1%81_%D0%BC%D0%B8%D0%BA%D1%80%D0%BE%D0%BF%D1%80%D0%BE%D1%86%D0%B5%D1%81%D1%81%D0%BE%D1%80.pdf},
}
@Book{arch_avr_2021,
  author    = {Пьявченко, А. О. Переверзев, В. А.},
  title     = {Архитектура, основы программирования и применения AVR-микроконтроллеров и ARM-микросистем.},
  year      = {2021},
  url       = {https://www.google.ru/books/edition/Архитектура_основы_пр/GEUkEAAAQBAJ?hl=ru&gbpv=0},
}
@Book{Arduino,
  author    = {Аливерти, П.},
  title     = {Изучаем Arduino.Руководство для начинающих.},
  year      = {2021},
  url       = {https://www.google.ru/books/edition/Изучаем_Arduino_Руководс/E4RDEAAAQBAJ?hl=ru&gbpv=0},
}
@Book{AVR_2014,
  author    = {Ревич, Ю. В.},
  title     = {Практическое программирование микроконтроллеров Atmel AVR на языке ассемблера.},
  year      = {2014},
  url       = {https://www.google.ru/books/edition/Практическое_програм/6iU4BAAAQBAJ?hl=ru&gbpv=0},
}
@Book{Blum,
  author    = {Блум, Дж.},
  title     = {Изучаем Arduino: инструменты и методы технического волшебства.},
  year      = {2015},
  url       = {https://www.google.ru/books/edition/Изучаем_Arduino_инструме/aqsUCAAAQBAJ?hl=ru&gbpv=0},
}
@Book{AVR_2016,
  author    = {Водовозов, А. М.},
  title     = {Микроконтроллеры для систем автоматики.},
  year      = {2016},
  url       = {https://www.google.ru/books/edition/Микроконтроллеры_для/Qe7TDAAAQBAJ?hl=ru&gbpv=0},
}

@Misc{DnD,
 title = {[Электронный ресурс] Создание персонажа для Dangeons and Dragons — longstoryshort.app},
 url = {https://longstoryshort.app/long/character-creation}
}
@Misc{D&D,
 title = {[Электронный ресурс] Классы D\&D 5 - dnd.su},
 url = {https://dnd.su/class}
}
@Misc{D&D_forms,
 title = {[Электронный ресурс] Основные формулы - dnd.su},
 url = {https://dnd.su/articles/26-osnovnye_formuly}
}
@Misc{DnDWiki,
 title = {[Электронный ресурс] Создание персонажа - dungeon.fandom.com},
 url = {https://dungeon.fandom.com/ru/wiki/%D0%A1%D0%BE%D0%B7%D0%B4%D0%B0%D0%BD%D0%B8%D0%B5_%D0%BF%D0%B5%D1%80%D1%81%D0%BE%D0%BD%D0%B0%D0%B6%D0%B0#.D0.A0.D0.B0.D1.81.D0.BF.D1.80.D0.B5.D0.B4.D0.B5.D0.BB.D0.B5.D0.BD.D0.B8.D0.B5_.D1.87.D0.B8.D1.81.D0.B5.D0.BB
 }
}
@Misc{wikiRUArduino,
 title = {[Электронный ресурс] Arduino — Википедия},
 url = {https://ru.wikipedia.org/wiki/Arduino#Микроконтроллер}
}
% @Misc{MK,
%  title = {[Электронный ресурс] Программы для микроконтроллеров — radio-magic.ru},
%  url = {https://radio-magic.ru/programmu-dlya-radiolubitelej/programmu-mk}
% }
@Misc{MK_2,
 title = {[Электронный ресурс] Программы для микроконтроллеров — cxem.net},
 url = {https://cxem.net/software/soft_mcu.php}
}
@Misc{Atmel,
 title = {[Электронный ресурс] Atmel Studio — sites.google.com},
 url = {https://sites.google.com/site/100voltsamper/sredy-razrabotok/atmel-studio}
}
@Misc{STM,
 title = {[Электронный ресурс] Семейство STM32 NUCLEO — terraelectronica.ru},
 url = {https://barnaul.terraelectronica.ru/news/4147#:~:text=STM32%20NUCLEO%20%2D%20%D0%BD%D0%BE%D0%B2%D0%B5%D0%B9%D1%88%D0%B5%D0%B5%20%D1%81%D0%B5%D0%BC%D0%B5%D0%B9%D1%81%D1%82%D0%B2%D0%BE%20%D0%B1%D1%8E%D0%B4%D0%B6%D0%B5%D1%82%D0%BD%D1%8B%D1%85,%D0%BF%D1%80%D0%BE%D1%82%D0%BE%D1%82%D0%B8%D0%BF%D1%8B%20%D0%BD%D0%B0%20%D0%BE%D1%81%D0%BD%D0%BE%D0%B2%D0%B5%20%D0%BC%D0%B8%D0%BA%D1%80%D0%BE%D0%BA%D0%BE%D0%BD%D1%82%D1%80%D0%BE%D0%BB%D0%BB%D0%B5%D1%80%D0%BE%D0%B2%20STM32.
 }
}
@Misc{Mbed,
 title = {[Электронный ресурс] Mbed — Википедия},
 url = {https://ru.wikipedia.org/wiki/Mbed#:~:text=Mbed%20%E2%80%94%20%D0%BF%D1%80%D0%BE%D0%B3%D1%80%D0%B0%D0%BC%D0%BC%D0%BD%D0%BE%2D%D0%B0%D0%BF%D0%BF%D0%B0%D1%80%D0%B0%D1%82%D0%BD%D0%B0%D1%8F%20%D0%BF%D0%BB%D0%B0%D1%82%D1%84%D0%BE%D1%80%D0%BC%D0%B0%20%D0%B8,ARM%20%D1%81%D0%BE%D0%B2%D0%BC%D0%B5%D1%81%D1%82%D0%BD%D0%BE%20%D1%81%20%D0%B4%D1%80%D1%83%D0%B3%D0%B8%D0%BC%D0%B8%20%D0%BA%D0%BE%D0%BC%D0%BF%D0%B0%D0%BD%D0%B8%D1%8F%D0%BC%D0%B8.
 }
}
@Misc{Nucleo,
 title = {[Электронный ресурс] Платы STM32 Nucleo — st.com},
 url = {https://www.st.com/en/evaluation-tools/stm32-nucleo-boards.html}
}
@Misc{LaunchPad,
 title = {[Электронный ресурс] Недорогая альтернатива Arduino — habr.com},
 url = {https://habr.com/ru/post/151196}
}
@Misc{TI,
 title = {[Электронный ресурс] Аппаратные комплекты и платы — ti.com},
 url = {https://www.ti.com/design-resources/embedded-development/hardware-kits-boards.html}
}
@Misc{ENERGIA,
 title = {[Электронный ресурс] Energia IDE — ti.com},
 url = {https://www.ti.com/tool/ENERGIA}
}
@Misc{Energia,
 title = {[Электронный ресурс] Energia — energia.nu},
 url = {https://energia.nu}
}
@Misc{MPLAB,
 title = {[Электронный ресурс] MPLAB — Википедия},
 url = {https://ru.wikipedia.org/wiki/MPLAB}
}
@Misc{millis,
 title = {[Электронный ресурс] Arduino delay millis и micros для организации задержки в скетче — arduinomaster.ru},
 url = {https://arduinomaster.ru/program/arduino-delay-millis/#:~:text=%D0%9D%D1%83%D0%B6%D0%BD%D0%BE%20%D0%BE%D1%82%D1%87%D0%B5%D1%82%D0%BB%D0%B8%D0%B2%D0%BE%20%D0%BF%D0%BE%D0%BD%D0%B8%D0%BC%D0%B0%D1%82%D1%8C%2C%20%D1%87%D1%82%D0%BE%20%D0%BD%D0%B0,%D0%B8%D1%81%D0%BF%D0%BE%D0%BB%D1%8C%D0%B7%D0%BE%D0%B2%D0%B0%D0%BD%D0%B8%D1%8F%20%D1%84%D1%83%D0%BD%D0%BA%D1%86%D0%B8%D0%B8%20delay%20%D0%B2%20Arduino.
 }
}
@Misc{hate,
 title = {[Электронный ресурс] Почему мнгоие не любят Arduino — habr.com},
 url = {https://habr.com/ru/post/254163}
}

@Comment{jabref-meta: databaseType:biblatex;}
