% Encoding: UTF-8

@Book{kochegarov_trusov,
  author    = {Кочегаров, И. И. Трусов, В. А.},
  title     = {Микроконтроллеры семейства AVR.},
  year      = {2012},
  url       = {https://dep_kipra.pnzgu.ru/files/dep_kipra.pnzgu.ru/spravochnai_i_metodicheskai_literatyra/mikrokontrollery_avr.pdf},
}
@Book{Program_model_ARM,
  author    = {Козаченко, В. Ф.},
  title     = {Практический курс микропроцессорной техники на базе процессорных ядер ARM-Cortex-M3/M4/M4F.},
  year      = {2019},
  url       = {http://motorcontrol.ru/wp-content/uploads/2019/04/%D0%9F%D1%80%D0%B0%D0%BA%D1%82%D0%B8%D1%87%D0%B5%D1%81%D0%BA%D0%B8%D0%B9_%D0%BA%D1%83%D1%80%D1%81_%D0%BC%D0%B8%D0%BA%D1%80%D0%BE%D0%BF%D1%80%D0%BE%D1%86%D0%B5%D1%81%D1%81%D0%BE%D1%80.pdf},
}
@Book{arch_avr_2021,
  author    = {Пьявченко, А. О. Переверзев, В. А.},
  title     = {Архитектура, основы программирования и применения AVR-микроконтроллеров и ARM-микросистем.},
  year      = {2021},
  url       = {https://www.google.ru/books/edition/Архитектура_основы_пр/GEUkEAAAQBAJ?hl=ru&gbpv=0},
}
@Book{Arduino,
  author    = {Аливерти, П.},
  title     = {Изучаем Arduino.Руководство для начинающих.},
  year      = {2021},
  url       = {https://www.google.ru/books/edition/Изучаем_Arduino_Руководс/E4RDEAAAQBAJ?hl=ru&gbpv=0},
}
@Book{AVR_2014,
  author    = {Ревич, Ю. В.},
  title     = {Практическое программирование микроконтроллеров Atmel AVR на языке ассемблера.},
  year      = {2014},
  url       = {https://www.google.ru/books/edition/Практическое_програм/6iU4BAAAQBAJ?hl=ru&gbpv=0},
}
@Book{Blum,
  author    = {Блум, Дж.},
  title     = {Изучаем Arduino: инструменты и методы технического волшебства.},
  year      = {2015},
  url       = {https://www.google.ru/books/edition/Изучаем_Arduino_инструме/aqsUCAAAQBAJ?hl=ru&gbpv=0},
}
@Book{AVR_2016,
  author    = {Водовозов, А. М.},
  title     = {Микроконтроллеры для систем автоматики.},
  year      = {2016},
  url       = {https://www.google.ru/books/edition/Микроконтроллеры_для/Qe7TDAAAQBAJ?hl=ru&gbpv=0},
}

@Misc{AVR,
 title = {[Электронный ресурс] Архитектура  микроконтроллеров, из чего состоит микроконтроллер — ph0en1x.net},
 url = {https://ph0en1x.net/69-avr-microcontroller-architecture-what-is-inside-avr-microcontroller.html}
}
@Misc{wikiRUAVR,
 title = {[Электронный ресурс] AVR — Википедия},
 url = {https://ru.wikipedia.org/wiki/AVR}
}
@Misc{wikiRUARM,
 title = {[Электронный ресурс] ARM — Википедия},
 url = {https://ru.wikipedia.org/wiki/ARM_(архитектура)#Архитектура}
}
@Misc{ARM,
 title = {[Электронный ресурс] Процессоры ARM — you2you.ru},
 url = {https://you-2-you.ru/articles/interesnoe/protsessoryi-arm-chto-eto-takoe-i-s-chem-ih-edyat}
}
@Misc{wikiRUArduino,
 title = {[Электронный ресурс] Arduino — Википедия},
 url = {https://ru.wikipedia.org/wiki/Arduino#Микроконтроллер}
}
@Misc{MK,
 title = {[Электронный ресурс] Программы для микроконтроллеров — radio-magic.ru},
 url = {https://radio-magic.ru/programmu-dlya-radiolubitelej/programmu-mk}
}
@Misc{MK_2,
 title = {[Электронный ресурс] Программы для микроконтроллеров — cxem.net},
 url = {https://cxem.net/software/soft_mcu.php}
}
@Misc{UNO,
 title = {[Электронный ресурс] Отладочная плата Arduino Uno — platan.ru},
 url = {https://www.platan.ru/cgi-bin/qwery.pl/id=91278075}
}
@Misc{Power_ARM,
 title = {[Электронный ресурс] STM32G4. Системная архитектура и режимы питания — compel.ru},
 url = {https://www.compel.ru/lib/139736}
}
@Misc{ARM-M3,
 title = {[Электронный ресурс] Ознакомительное руководство по ARM-микроконтролле\-рам Cortex-M3 — gaw.ru},
 url = {http://www.gaw.ru/html.cgi/txt/doc/micros/arm/cortex_arh/index.htm}
}

@Comment{jabref-meta: databaseType:biblatex;}
