% Encoding: UTF-8

@Misc{captcha2003,
 title = {CAPTCHA: Using Hard AI Problems for Security, Luis von Ahn, Manuel Blum, Nicholas J. Hopper, and John Langford}
}

@Misc{reversecaptcha,
 title = {Reverse Turing Test using Touchscreens and CAPTCHA, Mayumi Takaya, Yusuke Tsuruta, and Akihiro Yamamura}
}

@Misc{googlerecaptcha,
 title = {Teaching computers to read: Google acquires reCAPTCHA [Электронный ресурс] Official Google Blog. Режим доступа: \href{https://googleblog.blogspot.com/2009/09/teaching-computers-to-read-google.html}.},
 urldate = {2024-11-23}
}

@Misc{nytimes,
 title = {Deciphering Old Texts, One Woozy, Curvy Word at a Time [Электронный ресурс] Официальный сайт издания The New York Times. Режим доступа: \href{https://www.nytimes.com/2011/03/29/science/29recaptcha.html}.},
 urldate = {2024-11-25}
}

%2 источника оформлены

@Misc{recaptchaversions,
 title = {reCAPTCHA [Эелектронный ресурс] Википедия - свободная энциклопедия. Режим доступа: \href{https://en.wikipedia.org/wiki/ReCAPTCHA}.},
 urldate = {2024-11-23}
}

%3 источника оформлены

@Misc{captchawiki,
 title = {CAPTCHA [Электронный ресурс] Википедия - свободная энциклопедия. Режим доступа: \href{https://en.wikipedia.org/wiki/CAPTCHA}.},
 urldate = {2024-11-23}
}

@Misc{captchatrouble,
 title = {What are the main vulnerabilities and limitations associated with traditional text-based CAPTCHAs? [Электронный ресурс]. Режим доступа: \href{https://eitca.org/cybersecurity/eitc-is-wasf-web-applications-security-fundamentals/authentication-eitc-is-wasf-web-applications-security-fundamentals/webauthn/examination-review-webauthn/what-are-the-main-vulnerabilities-and-limitations-associated-with-traditional-text-based-captchas/}.},
 urldate = {2023-06-18}
}

@Misc{captchatrouble2,
 title = {CAPTCHA [Электронный ресурс] Официальный сайт компании Imperva. Режим доступа: \href{https://www.imperva.com/learn/application-security/what-is-captcha/\#what-is-captcha}.},
 urldate = {2023-06-27}
}

@Misc{noisecancellation,
 title = {Компьютерная обработка звука: как обрабатывать и улучшать звук с помощью компьютеров [Электронный ресурс] Официальный сайт компании FasterCapital. Режим доступа: \href{https://tinyurl.com/39sa8xz7}.},
 urldate = {2023-12-10}
}

@Misc{binary,
 title = {Исследование бинаризации изображений, Исрафилов Х.С.}
}

@Misc{filtr,
 title = {Методика устранения шума на ОКТ-изображениях, Лисовский А.Г.}
}

@Misc{filtr2,
 title = {Подавление шумов на изображениях с использованием пространственной и частотной фильтрации, Сафонов А.А,}
}

@Misc{gonzalez,
 title = {Gonzalez, R. C., \& Woods, R. E. (2018). Digital Image Processing (4th Edition). Pearson}
}

@Misc{annotation,
 title = {Семантическая разметка для машинного обучения [Электронный ресурс] Сервис разметки данных Annotate. Режим доступа: \href{https://annotate.ru/blog/semanticheskaya\_razmetka\_dlya\_mashinnogo\_obucheniya}.},
 urldate = {2025-03-18}
}

@Misc{asr,
 title = {What is Automatic Speech Recognition? A Comprehensive Overview of ASR Technology [Электронный ресурс] Официальный сайт проекта AssemblyAI. Режим доступа: \href{https://www.assemblyai.com/blog/what-is-asr}.},
 urldate = {2024-11-21}
}

@Misc{speechtotext,
 title = {Speech-to-Text [Электронный ресурс] Официальный сайт проекта H2O.ai. Режим доступа: \href{https://h2o.ai/wiki/speech-to-text/}.},
 urldate = {2024-11-21}
}

@Misc{segmentation,
 title = {What is image segmentation? [Электронный ресурс] Официальный сайт корпорации IBM. Режим доступа: \href{https://www.ibm.com/think/topics/image-segmentation}.},
 urldate = {2025-03-18}
}

@Misc{classification,
 title = {Computer vision for behaviour-based safety in construction: A review and future directions, Weili Fang, Peter E.D. Love, Hanbin Luo, Lieyun Ding}
}

@Misc{ocr,
 title = {What is OCR? [Электронный ресурс] Amazon Web Services - облачная инфраструктура Amazon. Режим доступа: \href{https://aws.amazon.com/what-is/ocr/?nc1=h\_ls}.},
 urldate = {2024-10-13}
}

@Misc{augmentation,
 title = {What is data augmentation? [Электронный ресурс] Официальный сайт корпорации IBM. Режим доступа: \href{https://www.ibm.com/think/topics/data-augmentation}.},
 urldate = {2024-10-15}
}

@Misc{gendataset,
 title = {Synthetic Data [Электронный ресурс] Официальный сайт корпорации Nvidia. Режим доступа: \href{https://www.nvidia.com/en-us/glossary/synthetic-data-generation/}.},
 urldate = {2024-12-11}
}

@Misc{detection,
 title = {What is object detection? [Электронный ресурс] Официальный сайт корпорации IBM. Режим доступа: \href{https://www.ibm.com/think/topics/object-detection}.},
 urldate = {2025-03-18}
}

@Misc{templatematching,
 title = {What is Template Matching? An Introduction. [Электронный ресурс] Блог компании Roboflow. Режим доступа: \href{https://blog.roboflow.com/template-matching/}.},
 urldate = {2025-03-18}
}

@Misc{parsing,
 title = {HTML Parsing and Processing [Электронный ресурс] Образовательный портал GeeksforGeeks. Режим доступа: \href{https://www.geeksforgeeks.org/html-parsing-and-processing/}.},
 urldate = {2024-04-18}
}

@Misc{automatization,
 title = {What is automated user interaction? [Электронный ресурс] Официальный сайт компании TestResults. Режим доступа: \href{https://www.testresults.io/definitions/automated-user-interaction}.},
 urldate = {2024-04-18}
}

@Misc{tesseract,
 title = {An Overview of the Tesseract OCR Engine, Ray Smith}
}

@Misc{tesseractbook,
 title = {Adrian Rosebrock. OCR with OpenCV, Tesseract, and Python. PyImageSearch.}
}

@Misc{crnnbook,
 title = {Ian Goodfellow, Yoshua Bengio, Aaron Courville. Deep Learning}
}

@Misc{ctc,
 title = {Connectionist Temporal Classification: Labelling Unsegmented Sequence Data with Recurrent Neural Networks, Alex Graves, Santiago Fernandez, Faustino Gomez, J¨urgen Schmidhuber}
}

@Misc{seq2seq,
 title = {Sequence to Sequence Learning with Neural Networks, lya Sutskever, Oriol Vinyals, Quoc V. Le}
}

@Misc{seq2seqattention,
 title = {Effective Approaches to Attention-based Neural Machine Translation, Minh-Thang Luong, Hieu Pham, Christopher D. Manning}
}

@Misc{yolo,
 title = {You Only Look Once: Unified, Real-Time Object Detection, Joseph Redmon, Santosh Divvala, Ross Girshick, Ali Farhadi}
}

@Misc{yolov11,
 title = {YOLOV11: AN OVERVIEW OF THE KEY ARCHITECTURAL ENHANCEMENTS, Rahima Khanam, Muhammad Hussain}
}

@Misc{detr,
 title = {End-to-End Object Detection with Transformers, Nicolas Carion, Francisco Massa, Gabriel Synnaeve, Nicolas Usunier, Alexander Kirillov, Sergey Zagoruyko}
}

@Misc{deformabledetr,
 title = {Deformable DETR: Deformable Transformers for End-to-End Object Detection, Xizhou Zhu, Weijie Su, Lewei Lu, Bin Li, Xiaogang Wang, Jifeng Dai}
}

@Misc{dn-detr,
 title = {DN-DETR: Accelerate DETR Training by Introducing Query DeNoising, Feng Li, Hao Zhang, Shilong Liu, Jian Guo, Lionel M. Ni, Lei Zhang}
}

@Misc{dino,
 title = {DINO: DETR with Improved DeNoising Anchor Boxes for End-to-End Object Detection, Hao Zhang, Feng Li, Shilong Liu, Lei Zhang, Hang Su, Jun Zhu, Lionel M. Ni, Heung-Yeung Shum}
}

@Misc{fasterrcnn,
 title = {Faster R-CNN: Towards Real-Time Object Detection with Region Proposal Networks, Shaoqing Ren, Kaiming He, Ross Girshick, Jian Sun}
}

@Misc{googlesppechtotext,
 title = {Speech-to-Text [Электронный ресурс] Google Cloud - облачная инфраструктура Google. Режим доступа: \href{https://cloud.google.com/speech-to-text}.},
 urldate = {2023-06-18}
}

@Misc{archecturespeechtotext,
 title = {Very Deep Convolutional Networks for End-to-End Speech Recognition, Yu Zhang, William Chan, Navdeep Jaitly}
}




@Misc{bookexample,
 title = {Фамилия И.О. Название книги. — Город издательства: <<Издательство>>, Год. — Количество страниц.}
}

@Misc{book1author,
 title = {МакГрат М. Программирование на С для начинающих / пер. с англ. Михаил Райтман. — М: <<Эксмо>>, 2016. — 193.}
}

@Misc{book5author,
  title = {Программирование на языке С++ в среде Qt Creator / Е.Р. Алексеев, Г.Г. Злобин, Д.А. и др. — М.: Альт Линукс, 2015. 448 с.}
}

@Misc{wikiRUBitbucket,
 title = {Bitbucket [Электронный ресурс] Википедия — свободная энцциклопедия. Режим доступа: \href{https://ru.wikipedia.org/wiki/Bitbucket}{https://ru.wikipedia.org/wiki/Bitbucket}.},
 urldate = {2023-06-18}
}

@Misc{wikiRUGitHub,
 title = {Github [Электронный ресурс] Википедия — свободная энцциклопедия. Режим доступа: \href{https://ru.wikipedia.org/wiki/GitHub}{https://ru.wikipedia.org/wiki/GitHub}.},
 urldate = {2023-06-18}
}

@Misc{wikiRUIdSoftware,
 title = {Id Software [Электронный ресурс] Википедия — свободная энцциклопедия. Режим доступа: \href{https://ru.wikipedia.org/wiki/Id\_Software}{https://ru.wikipedia.org/wiki/Id\\_Software}.},
 urldate = {2023-06-18}
}


@Comment{jabref-meta: databaseType:biblatex;}
