% Encoding: UTF-8

@Misc{FastAPI_wiki,
 title = {[Электронный ресурс] FastAPI — Википедия},
 url = {https://ru.wikipedia.org/wiki/FastAPI}
}
@Misc{FastAPI,
 title = {[Электронный ресурс] FasAPI - fastapi.tiangolo.com},
 url = {https://fastapi.tiangolo.com/}
}
@Misc{PostgreSQL,
 title = {[Электронный ресурс] PostgreSQL - Википедия},
 url = {https://ru.wikipedia.org/wiki/PostgreSQL}
}
@Misc{Vue.js,
 title = {[Электронный ресурс] Vue.js - vuejs.org},
 url = {https://vuejs.org/}
}
@Misc{Vue.js_wiki,
 title = {[Электронный ресурс] Vue.js — Википедия},
 url = {https://ru.wikipedia.org/wiki/Vue.js}
}
@Misc{vuetify,
 title = {[Электронный ресурс] Vuetify — vuetifyjs.com},
 url = {https://vuetifyjs.com/en/}
}
@Misc{pydantic,
 title = {[Электронный ресурс] Pydantic — docs.pydantic.dev},
 url = {https://docs.pydantic.dev/}
}
@Misc{SQL_wiki,
 title = {[Электронный ресурс] SQLAlchemy — Википедия},
 url = {https://ru.wikipedia.org/wiki/SQLAlchemy}
}
@Misc{SQL,
 title = {[Электронный ресурс] SQLAlchemy — sqlalchemy.org},
 url = {https://www.sqlalchemy.org/}
}