% Encoding: UTF-8

@book{PlayersHandbook,
  title={Dungeons \& Dragons Player's Handbook (Core Rulebook, D\&D Roleplaying Game)},
  author={Schwalb, R. Cordell, B.},
  isbn={9780786965601},
  lccn={2015452276},
  series={D\&d Core Rulebook Series},
  % url={https://books.google.ru/books?id=ZsUFRAAACAAJ},
  year={2014},
  publisher={Wizards of the Coast},
  pages={320}
}
@book{MastersGuide,
  title={Dungeons \& Dragons Dungeon Master's Guide (Core Rulebook, D\&D Roleplaying Game)},
  author={Crawford, J. Perkins, C.},
  isbn={9780786965625},
  lccn={2015458232},
  series={Dungeons \& Dragons},
  % url={https://books.google.ru/books?id=vwSPEAAAQBAJ},
  year={2014},
  publisher={Wizards of the Coast Publishing},
  pages={320}
}
@book{MonsterManual,
  title={Dungeons \& Dragons Monster Manual (Core Rulebook, D\&D Roleplaying Game)},
  author={Perkins, C. Schwalb, R.},
  isbn={9780786965618},
  lccn={2015452285},
  series={Dungeons \& Dragons},
  % url={https://books.google.ru/books?id=bgRPEAAAQBAJ},
  year={2014},
  publisher={Wizards of the Coast Publishing},
  pages={352}
}
@book{SwordCoastAdventurersGuide,
  title={Sword Coast Adventurer's Guide},
  author={Crawford, J. Mohan, K.},
  isbn={9780786965809},
  lccn={2016304631},
  series={Dungeons \& Dragons},
  % url={https://books.google.ru/books?id=xwSPEAAAQBAJ},
  year={2015},
  publisher={Wizards of the Coast Publishing},
  pages={159}
}
@book{VolosGuidetoMonsters,
  title={Volo's Guide to Monsters},
  author={Crawford, J. Mohan, K.},
  isbn={9780786966011},
  lccn={2017287174},
  series={Dungeons \& Dragons},
  % url={https://books.google.ru/books?id=jARPEAAAQBAJ},
  year={2016},
  publisher={Wizards of the Coast Publishing},
  pages={224}
}
@book{XanatharsGuidetoEverything,
  title={Xanathar's Guide to Everything},
  author={Crawford, J. Mohan, K.},
  isbn={9780786966110},
  lccn={2017285725},
  series={Dungeons \& Dragons},
  % url={https://books.google.ru/books?id=2QSPEAAAQBAJ},
  year={2017},
  publisher={Wizards of the Coast Publishing},
  pages={192}
}
@book{MORDENKAINENSTOMEOFFOES,
  title={D\&D Mordenkainen's Tome of Foes},
  author={Crawford, J. Mohan, K.},
  isbn={9780786966240},
  lccn={2018288130},
  series={Dungeons \& Dragons},
  % url={https://books.google.ru/books?id=Jv5hDwAAQBAJ},
  year={2018},
  publisher={Wizards of the Coast Publishing},
  pages={256}
}
@Book{Basicrules,
  title     = {Basic rules.},
  author    = {Gygax, G. Arneson, D.},
  year      = {2018},
  pages     = {180}
  % url       = {https://www.google.ru/books/edition/Микроконтроллеры_для/Qe7TDAAAQBAJ?hl=ru&gbpv=0},
}

@Misc{DnD,
 title = {Лучшие цифровые инструменты для Dungeons and Dragons [Электронный ресурс] Сайт thefastcode.com. Режим доступа: https://www.thefastcode.com/ru-rub/article/the-best-digital-tools-for-dungeons-and-dragons}
}
@Misc{DandD,
 title = {Конструкторы и создатели персонажей DnD онлайн [Электронный ресурс] Сайт gamecows.com. Режим доступа: https://gamecows.com/ru/dnd-онлайн-конструкторы-персонажей-5e
 }
}
@Misc{DandDforms,
 title = {Онлайн справочник D\&D 5 [Электронный ресурс] Сайт dnd.su. Режим доступа: https://dnd.su/}
}
@Misc{DnDWiki,
 title = {Создание персонажа [Электронный ресурс] dungeon.fandom.com. Режим доступа: https://dungeon.fandom.com/ru/wiki/Создание\_персонажа \#Распределение\_чисел
 }
}
@Misc{blackcitadelrpg,
 title = {Top 10 Online Character Builders for 5e – Free and Paid [Электронный ресурс] Сайт blackcitadelrpg.com. Режим доступа: https://blackcitadelrpg.co m/online-character-builders-5e/}
}
@Misc{screenrant,
 title = {Dungeons And Dragons: 10 Best Online Character Builders For 5e [Электронный ресурс] Сайт screenrant.com. Режим доступа: https://screenrant.com/dungeons-and-dragons-online-character-builders-5e/}
}
@Misc{beyond,
 title = {D\&D Beyond [Электронный ресурс] Сайт dndbeyond.com. Режим доступа: https://www.dndbeyond.com/claim/bundle/dungeons-and-dragons-honor-among-thieves}
}
@Misc{wiki,
 title = {Dungeons \& Dragons [Электронный ресурс] Электронная энциклопедия -- Википедия. Режим доступа: https://ru.wikipedia.org/wiki/Dungeons \_\&\_Dragons
 }
}
@Misc{explorednd,
 title = {D\&D Rules Explained: Everything You Need to Know [Электронный ресурс] Сайт explorednd.com. Режим доступа: https://explorednd.com/rules/}
}
@Misc{roll20,
 title = {Roll20 [Электронный ресурс] Сайт roll20.net. Режим доступа: https://roll20.net/welcome}
}
@Misc{dmv,
 title = {Dungeon Master’s Vault [Электронный ресурс] Сайт dungeonmastersvault .com. Режим доступа: https://www.dungeonmastersvault.com/}
}
@Misc{fast_char,
 title = {Fast Character Generator [Электронный ресурс] Сайт fastcharacter.com. Режим доступа: https://fastcharacter.com/}
}
@Misc{ddnext,
 title = {Javascript DDNext Character Generator [Электронный ресурс] Сайт pathguy.com. Режим доступа: http://pathguy.com/ddnext.html}
}
@Misc{levi,
 title = {Конструктор персонажей Леви Блоджетта [Электронный ресурс] Сайт levi-blodgett.github.io. Режим доступа: https://levi-blodgett.github.io/dnd-char-generator/}
}
@Misc{mpmb,
 title = {MorePurpleMoreBetter [Электронный ресурс] Сайт flapkan.com. Режим доступа: https://www.flapkan.com/}
}
@Misc{ninetail,
 title = {Ninetail [Электронный ресурс] Сайт ninetail.org. Режим доступа: https://ninetail.org/charBuilder.html}
}
@Misc{aidedd,
 title = {AideDD [Электронный ресурс] Сайт aidedd.org. Режим доступа: https://www.aidedd.org/dnd-builder/index.php?l=1}
}
@Misc{companion,
 title = {5e Companion App [Электронный ресурс] Магазин приложений -- play.google.com. Режим доступа: https://play.google.com/}
}
@Misc{longstoryshort,
 title = {Создание персонажа для Dungeons and Dragons [Электронный ресурс] Сайт longstoryshort.app. Режим доступа: https://longstoryshort.app/long/ch aracter-creation/}
}

@Comment{jabref-meta: databaseType:biblatex;}
