% Encoding: UTF-8

@Misc{support,
  title = {Что такое CAPTCHA? [Электронный ресурс] Сайт поддержки Google - support.google.com. Режим доступа: \href{https://support.google.com/a/answer/1217728?hl=ru}{https://support.google.com/a/answer/\\1217728?hl=ru}.},
  urldate = {2024-11-23}
}

@Misc{captcha2003,
 title = {Ahn L. von, Blum M., Hopper N.J., Langford J. CAPTCHA: Using Hard AI Problems for Security // Тр. / Междунар. конф. по криптографии EUROCRYPT 2003. – LNCS, т. 2656. – 2003. – С. 294–311.}
}

@Misc{reversecaptcha,
 title = {Takaya M., Tsuruta Y., Yamamura A. Reverse Turing Test using Touchscreens and CAPTCHA // Тр. / Междунар. конф. по информ. технологиям и взаимодействию человека и компьютера. – 2015. – С. 1–6.}
}

@Misc{googlerecaptcha,
 title = {Teaching computers to read: Google acquires reCAPTCHA [Электронный ресурс] Official Google Blog. Режим доступа: \href{https://googleblog.blogspot.com/2009/09/teaching-computers-to-read-google.html}{https://googleblog.blogspot.\\com/2009/09/teaching-computers-to-read-google.html}.},
 urldate = {2024-11-23}
}

@Misc{nytimes,
 title = {Deciphering Old Texts, One Woozy, Curvy Word at a Time [Электронный ресурс] Официальный сайт издания The New York Times. Режим доступа: \href{https://www.nytimes.com/2011/03/29/science/29recaptcha.html}{https://www.nytimes.com/2011/03/29/science/29recaptcha.html}.},
 urldate = {2024-11-25}
}

@misc{tproger,
  title = {Я не робот: 10 альтернатив reCAPTCHA [Электронный ресурс] Tproger - все о программировании. Режим доступа: \href{https://tproger.ru/articles/recaptcha-alternatives}{https://tproger.ru/articles/recap\\tcha-alternatives}.},
  urldate = {2024-11-25}
}

@Misc{recaptchaversions,
 title = {reCAPTCHA [Эелектронный ресурс] Википедия - свободная энциклопедия. Режим доступа: \href{https://en.wikipedia.org/wiki/ReCAPTCHA}{https://en.wikipedia.org/wiki/ReCAPTCHA}.},
 urldate = {2024-11-23}
}

@misc{hcaptcha,
  title = {hCAPTCHA [Электронный ресурс] Официальный сайт проекта hCAPTCHA. Режим доступа: \href{https://www.hcaptcha.com/}{https://www.hcaptcha.com/}.},
  urldate = {2024-12-01}
}

@misc{capy,
  title = {Capy CAPTCHA [Электронный ресурс] Официальный сайт проекта Capy. Режим доступа: \href{https://corp.capy.me/en/product/captcha}{https://corp.capy.me/en/product/captcha}.},
  urldate = {2024-12-01}
}

@Misc{captchawiki,
 title = {CAPTCHA [Электронный ресурс] Википедия - свободная энциклопедия. Режим доступа: \href{https://en.wikipedia.org/wiki/CAPTCHA}{https://en.wikipedia.org/wiki/CAPTCHA}.},
 urldate = {2024-11-23}
}

@Misc{captchatrouble,
 title = {What are the main vulnerabilities and limitations associated with traditional text-based CAPTCHAs? [Электронный ресурс]. Режим доступа: \href{https://eitca.org/cybersecurity/eitc-is-wasf-web-applications-security-fundamentals/authentication-eitc-is-wasf-web-applications-security-fundamentals/webauthn/examination-review-webauthn/what-are-the-main-vulnerabilities-and-limitations-associated-with-traditional-text-based-captchas/}{https://eitca.org/cybersecurity/eitc-is-wasf-web-applications-security-fundamentals/authentication-eitc-is-wasf-web-applications-security-fundamentals/webauthn/examination-review-webauthn/what-are-the-main-vulnerabilities-and-limitations-associated-with-traditional-text-based-captchas/}.},
 urldate = {2023-06-18}
}

@Misc{captchatrouble2,
 title = {CAPTCHA [Электронный ресурс] Официальный сайт компании Imperva. Режим доступа: \href{https://www.imperva.com/learn/application-security/what-is-captcha/\#what-is-captcha}{https://www.imperva.com/learn/application-security/what-is-captcha/\#what-is-captcha}.},
 urldate = {2023-06-27}
}

@Misc{noisecancellation,
 title = {Компьютерная обработка звука: как обрабатывать и улучшать звук с помощью компьютеров [Электронный ресурс] Официальный сайт компании FasterCapital. Режим доступа: \href{https://tinyurl.com/39sa8xz7}{https://tinyurl.com/39sa8xz7}.},
 urldate = {2023-12-10}
}

@Misc{binary,
 title = {Исрафилов Х.С. Исследование бинаризации изображений // Тр. / Междунар. науч.-техн. конф. <<Проблемы инфокоммуникаций. Наука и техника – PIC S\&T>>. – 2018. – С. 626–629.}
}

@Misc{filtr,
 title = {Лисовский А.Г. Методика устранения шума на ОКТ-изображениях // Тр. / Междунар. науч.-практ. конф. <<Информационные технологии и нанотехнологии (ITNT)>>. – 2018. – С. 430–435.}
}

@Misc{filtr2,
 title = {Сафонов А.А. Подавление шумов на изображениях с использованием пространственной и частотной фильтрации // Тр. / Междунар. науч.-практ. конф. <<Современные информационные технологии и ИТ-образование>>. – 2019. – С. 215–220.}
}

@Misc{gonzalez,
 title = {Гонсалес Р.С., Вудс Р.Е. Цифровая обработка изображений. – 4-е изд. – М.: Pearson, 2018. – 976 с.}
}

@Misc{annotation,
 title = {Семантическая разметка для машинного обучения [Электронный ресурс] Сервис разметки данных Annotate. Режим доступа: \href{https://annotate.ru/blog/semanticheskaya\_razmetka\_dlya\_mashinnogo\_obucheniya}{https://annotate.ru/blog/semanticheskaya\_razmetka\_dlya\_mashinnogo\_obu\\cheniya}.},
 urldate = {2025-03-18}
}

@Misc{asr,
 title = {What is Automatic Speech Recognition? A Comprehensive Overview of ASR Technology [Электронный ресурс] Официальный сайт проекта AssemblyAI. Режим доступа: \href{https://www.assemblyai.com/blog/what-is-asr}{https://www.assemblyai.com/blog/what-is-asr}.},
 urldate = {2024-11-21}
}

@Misc{speechtotext,
 title = {Speech-to-Text [Электронный ресурс] Официальный сайт проекта H2O.ai. Режим доступа: \href{https://h2o.ai/wiki/speech-to-text/}{https://h2o.ai/wiki/speech-to-text/}.},
 urldate = {2024-11-21}
}

@Misc{segmentation,
 title = {What is image segmentation? [Электронный ресурс] Официальный сайт корпорации IBM. Режим доступа: \href{https://www.ibm.com/think/topics/image-segmentation}{https://www.ibm.com/think/topics/image-segmentation}.},
 urldate = {2025-03-18}
}

@Misc{classification,
 title = {Fang W., Love P.E.D., Luo H., Ding L. Computer vision for behaviour-based safety in construction: A review and future directions //Automation in Construction. – 2020. – Vol. 110. – P. 103013.}
}

@Misc{ocr,
 title = {What is OCR? [Электронный ресурс] Amazon Web Services - облачная инфраструктура Amazon. Режим доступа: \href{https://aws.amazon.com/what-is/ocr/?nc1=h\_ls}{https://aws.amazon.com/what-is/ocr/?nc1=h\_ls}.},
 urldate = {2024-10-13}
}

@Misc{augmentation,
 title = {What is data augmentation? [Электронный ресурс] Официальный сайт корпорации IBM. Режим доступа: \href{https://www.ibm.com/think/topics/data-augmentation}{https://www.ibm.com/think/topics/data-augmentation}.},
 urldate = {2024-10-15}
}

@Misc{gendataset,
 title = {Synthetic Data [Электронный ресурс] Официальный сайт корпорации Nvidia. Режим доступа: \href{https://www.nvidia.com/en-us/glossary/synthetic-data-generation/}{https://www.nvidia.com/en-us/glossary/synthetic-data-generation/}.},
 urldate = {2024-12-11}
}

@Misc{detection,
 title = {What is object detection? [Электронный ресурс] Официальный сайт корпорации IBM. Режим доступа: \href{https://www.ibm.com/think/topics/object-detection}{https://www.ibm.com/think/topics/object-detection}.},
 urldate = {2025-03-18}
}

@Misc{templatematching,
 title = {What is Template Matching? An Introduction. [Электронный ресурс] Блог компании Roboflow. Режим доступа: \href{https://blog.roboflow.com/template-matching/}{https://blog.roboflow.com/template-matching/}.},
 urldate = {2025-03-18}
}

@Misc{parsing,
 title = {HTML Parsing and Processing [Электронный ресурс] Образовательный портал GeeksforGeeks. Режим доступа: \href{https://www.geeksforgeeks.org/html-parsing-and-processing/}{https://www.geeksforgeeks.org/html-parsing-and-processing/}.},
 urldate = {2024-04-18}
}

@Misc{automatization,
 title = {What is automated user interaction? [Электронный ресурс] Официальный сайт компании TestResults. Режим доступа: \href{https://www.testresults.io/definitions/automated-user-interaction}{https://www.testresults.io/defi\\nitions/automated-user-interaction}.},
 urldate = {2024-04-18}
}

@Misc{tesseract,
 title = {Smith R. An Overview of the Tesseract OCR Engine //Proceedings of the Ninth International Conference on Document Analysis and Recognition (ICDAR). – 2007. – Vol. 2. – P. 629–633.}
}

@Misc{tesseractbook,
 title = {Роузброк А. OCR с использованием OpenCV, Tesseract и Python. Практическое руководство. — Practitioner Edition 1.0. — 2021. — 324 с.}
}

@Misc{crnnbook,
 title = {Гудфеллоу И., Бенжио Й., Курвилл А. Глубокое обучение. — М.: Диасофт, 2018. — 720 с.}
}

@Misc{ctc,
 title = {Грейвс А., Фернандес С., Гомес Ф., Шмидхубер Ю. Присвоение меток неразмеченным последовательностям с использованием рекуррентных нейронных сетей (Connectionist Temporal Classification) // Труды 23-й Международной конференции по машинному обучению (ICML 2006). – 2006. – С. 369–376.}
}

@Misc{seq2seq,
 title = {Суцкевер И., Виньяльс О., Ле К.В. Обучение Sequence-to-Sequence с использованием нейронных сетей // Тр. / Конф. по нейронным информационным системам (NIPS 2014). – 2014. – С. 3104–3112.}
}

@Misc{seq2seqattention,
 title = {Лыонг М.-Т., Фам Х., Мэннинг К.Д. Эффективные подходы к нейронному машинному переводу с использованием механизма внимания // Тр. / Конф. по нейронным информационным системам (NIPS 2015). – 2015. – С. 1412–1420.}
}

@Misc{yolo,
 title = {Редмон Д., Диввала С., Гиршик Р., Фархади А. You Only Look Once: Унифицированное и реальное время обнаружение объектов // Тр. / Конф. по компьютерному зрению и распознаванию образов (CVPR). – 2016. – С. 779–788.}
}

@Misc{yolov11,
 title = {YOLOv11: обзор ключевых архитектурных улучшений [Электронный ресурс] / Р. Канхам, М. Хуссейн. — 2024. — 13 с. — Режим доступа: https://arxiv.org/abs/2410.17725, свободный. — Загл. с экрана. — Яз. англ.}
}

@Misc{detr,
 title = {Карион Н., Масса Ф., Синнавев Г., Усунье Н., Кириллов А., Загоруйко С. End-to-End Object Detection with Transformers // Proceedings of the European Conference on Computer Vision (ECCV). — 2020. — Т. 12346. — С. 213–229.}
}

@Misc{deformabledetr,
 title = {Чжу С., Сю В., Лу Л., Ли Б., Ван С., Дай Ц. Deformable DETR: Deformable Transformers for End-to-End Object Detection // Proceedings of the International Conference on Computer Vision (ICCV). — 2021. — С. 3174–3183.}
}

@Misc{dn-detr,
 title = {Ли Ф., Чжан Х., Лю Ш., Го Дж., Ни Л.М., Чжан Л. DN-DETR: ускорение обучения DETR путем введения шумоподавления запросов // Proceedings of the IEEE/CVF Conference on Computer Vision and Pattern Recognition (CVPR), 2022. — С. 9697–9706.}
}

@Misc{dino,
 title = {Жанг Х., Ли Ф., Лю Ш., Чжан Л., Су Х., Чжу Цз., Ни Л.М., Шум Х.-Й. DINO: DETR с улучшенными анкорами для подавления шума в задаче детекции объектов // International Conference on Learning Representations (ICLR). – 2023. – Т. 1. – С. 1–12.}
}

@Misc{fasterrcnn,
 title = {Рен Ш., Хэ К., Гиршик Р., Сун Цзянь. Faster R-CNN: к реальному времени обнаружения объектов с использованием сетей предложений регионов // Труды конференции Advances in Neural Information Processing Systems (NeurIPS). – 2015. – Т. 28. – С. 91–99.}
}

@Misc{googlesppechtotext,
 title = {Speech-to-Text [Электронный ресурс] Google Cloud - облачная инфраструктура Google. Режим доступа: \href{https://cloud.google.com/speech-to-text}{https://cloud.google.com/speech-to-text}.},
 urldate = {2023-06-18}
}

@Misc{Bitrix,
 title = {CAPTCHA в 1С Битрикс [Электронный ресурс] Официальный сайт Bitrix. Режим доступа: \href{https://dev.1c-bitrix.ru/user\\_help/settings/settings/captcha.php}{https://dev.1c-bitrix.ru/user\_help/settings/settings/ca\\ptcha.php}.},
 urldate = {2024-12-13}
}

@Misc{HabrCaptcha,
 title = {Разработка CAPTCHA своими руками [Электронный ресурс] Habr - IT сервис. Режим доступа: \href{https://habr.com/ru/articles/120615/}{https://habr.com/ru/articles/120615/}.},
 urldate = {2024-12-13}
}

@Misc{Proglib,
 title = {<<Ломай меня полностью!>> Как одни алгоритмы генерируют капчу, а другие её взламывают [Электронный ресурс] Официальный сайт проекта Proglib. Режим доступа: \href{https://proglib.io/p/lomay-menya-polnostyu-kak-odni-algoritmy-generiruyut-kapchu-a-drugie-ee-vzlamyvayut-2020-03-05}{https://proglib.io/p/lomay-menya-polnostyu-kak-odni-algoritmy-generiruyut-kapchu-a-drugie-ee-vzlamyvayut-2020-03-05}.},
 urldate = {2024-12-13}
}

@Misc{COCO,
  title = {COCO Dataset: Common Objects in Context [Электронный ресурс] Официальный сайт COCO. Режим доступа: \href{https://cocodataset.org/}{https://cocodataset.org/}.},
  urldate = {2025-02-08}
}

@Misc{Selenium,
  title = {Selenium WebDriver — автоматизация браузера [Электронный ресурс] Официальный сайт проекта Selenium. Режим доступа: \href{https://www.selenium.dev/}{https://www.selenium.dev/}.},
  urldate = {2023-11-13}
}

@Misc{CVAT,
  title = {CVAT — инструмент аннотирования изображений [Электронный ресурс] Официальный репозиторий проекта CVAT на GitHub. Режим доступа: \href{https://github.com/opencv/cvat}{https://github.com/opencv/cvat}.},
  urldate = {2025-02-08}
}

@Misc{TrainTesseract,
 title = {Training Tesseract OCR with custom data [Электронный ресурс] Medium - портал для ведения блогов. Режим доступа: \href{https://saiashish90.medium.com/training-tesseract-ocr-with-custom-data-d3f4881575c0}{https://saiashish90.medium.com/training-tesseract-ocr-with-custom-data-d3f4881575c0}.},
 urldate = {2024-03-13}
}

@Misc{UltralyticsYOLOv8,
  title = {Обзор модели Ultralytics YOLOv8 [Электронный ресурс] Документация по предобученным моделям YOLO. Режим доступа: \href{https://docs.ultralytics.com/ru/models/yolov8/}{https://docs.ultralytics.com/ru/models/yolov8/}.},
  urldate = {2024-02-122}
}

@misc{ffmpeg,
  title = {FFMPEG [Электронный ресурс] Официальный сайт проекта FFMPEG. Режим доступа: \href{https://www.ffmpeg.org/}{https://www.ffmpeg.org/}.},
  urldate = {2023-12-13}
}

@Misc{archecturespeechtotext,
 title = {Зhang Yu, Chan William, Jaitly Navdeep. Very Deep Convolutional Networks for End-to-End Speech Recognition // Proceedings of the 2017 IEEE International Conference on Acoustics, Speech and Signal Processing (ICASSP), New Orleans, LA, 2017. — С. 4845–4849.}
}

@Comment{jabref-meta: databaseType:biblatex;}
