% Encoding: UTF-8

@book{Hidroponica,
  title={Выращивание некоторых видов культур в малообъемной гидропонике // Молодой исследователь Дона.},
  author={Бондаренко, Е.~В.},
  year={2018},
  edition={№4(13)},
  pages={1-6}
}
@book{Aeroponica,
  title={Перспективы выращивания тепличных культур с применением аэропоники в условиях Сибирского региона // Вестник ОмГАУ.},
  author={Алгазин, Д.~Н.},
  year={2014},
  edition={№1(13)},
  pages={36-39}
}
@book{Aquaponica,
  title={Аквапоника как способ получения гидропонного корма // Сборник научных трудов СКНИИЖ.},
  author={Юрина, Н.~А. Данилова, А.~А.},
  year={2020},
  edition={№1},
  pages={121-124}
}
@book{Vertical,
  title={Вертикальные фермы - новая тенденция в сельском хозяйстве // Хроноэкономика},
  author={Дмитриева, А.С.},
  year={2019},
  edition={№6(19)},
  pages={35-38}
}
@book{Tradicional,
  title={Преимущества и недостатки традиционной обработки почвы (обзорная статья) // Научный журнал молодых ученых},
  author={Вартанов, Р.~Д.  Елизарова, Д.~И.},
  year={2019},
  edition={№6(19)},
  pages={16-20}
}
@book{Watering,
  title={Производственная программа системы автоматического полива растений «Умный сад» // МНИЖ.},
  author={Истомина, Е.~Е. Куранов, М.~Н.},
  year={2019},
  edition={№2-3 (44)},
  pages={94-97}
}
@book{Watering2,
  title={Задачи внедрения автоматических систем полива в городском хозяйстве // Актуальные проблемы гуманитарных и естественных наук.},
  author={Егорова, Н.~Е. Лугин, В.~Г.},
  year={2015},
  edition={№4-1},
  pages={1-4}
}
@book{Temperature,
  title={Современные методы температурного контроля // Решетневские чтения.},
  author={Шевцов, С.~М. Ереско, С.~П.},
  year={2011},
  edition={№15},
  pages={252-253}
}
@Book{Light,
  title     = {Влияние освещения на выращивание растений в теплицах с системой закрытого грунта // Инновационная наука.},
  author    = {Кирилович, Ю.~Г. Латкова, Е.~В.},
  year={2021},
  edition={№2},
  pages={3-20}
}
@Book{Monitoring,
  title     = {Автоматизированная система мониторинга, оценки и прогнозирования роста и развития растений в условиях in vitro // Научный результат.},
  author    = {Маслаков, Ю.~Н. Бережной, В.~А.},
  year={2019},
  edition={№2},
  pages={3-20}
}

@Misc{AeroGarden,
 title = {Обзор AeroGarden Smart Garden: гидропоника для чайников [Электронный ресурс]. - URL: https://trendstoday.ru/aerogarden-smart-garden-review/ (дата обращения 18.11.2023)}
}
@Misc{ParrotFlowerPower,
 title = {Обзор Parrot Flower Power: Могут ли технологии дать вам зеленый палец? [Электронный ресурс], - URL: https://enenggi.com/ru/articles/123672-parrot-flower-power-review-can-technology-give-you-a-green (дата обращения 18.11.2023)}
}
@Misc{GreenIQ,
 title = {GreenIQ Smart Garden Hub Gen 3 review: A pricey sprinkler with some unique add-ons [Электронный ресурс]. - URL: https://www.techhive.com/article/582965/greeniq-review.html (дата обращения 18.11.2023)}
}
@Misc{Niwa,
 title = {Meet NIWA: New Micro Hydroponic Garden [Электронный ресурс]. - URL: https://gardenculturemagazine.com/meet-niwa-new-micro-hydroponic-garden/ (дата обращения 18.11.2023)}
}
@Misc{Govee,
 title = {Govee Wifi Thermometer: Get Accurate Temperature Readings [Электронный ресурс]. - URL: https://trumpforest.com/govee-wifi-thermometer/ (дата обращения 18.11.2023)}
}
@Misc{Mars,
 title = {Grow With Mars Hydro Grow Tent [Электронный ресурс]. - URL: https://marshydroth.com/grow-tent/ (дата обращения 18.11.2023)}
}
@Misc{Raspberry,
 title = {Raspberry pi controlled greenhouse — Circuit and code [Электронный ресурс]. - URL: https://pravenj.medium.com/raspberry-pi-controlled-greenhouse-circuit-and-code-a0434df4151d (дата обращения 18.11.2023)}
}
@Misc{FarmBot,
 title = {FarmBot: The Future of Precision Farming? [Электронный ресурс]. - URL: https://robotmowercenter.com/farmbot-review/ (дата обращения 18.11.2023)}
}

@Comment{jabref-meta: databaseType:biblatex;}
