% Encoding: UTF-8

@book{NVJournal,
  title={CAPTCHA в эпоху цифровых угроз: эволюция, уязвимости и решения // Научные высказывания.},
  author={Рогов, А.~В.},
  year={2024},
  edition={№21(68)},
  pages={18-22}
}
@book{CRNNBook,
  title={Программная эмуляция оптомагнитной нейронной сети для анализа рукописного текста // Мир науки.},
  author={Безвиконный, Н.~В. Гуськов, А.~А.},
  year={2024},
  pages={1-63}
}
@book{Seq2SeqBook,
  title={Исследование методов построения моделей кодер-декодер для распознавания русской речи // Информационно-управляющие системы.},
  author={Морковников, Н.~М. Кипяткова, И.~С.},
  year={2019},
  edition={№4},
  pages={1-9}
}

@Misc{Bitrix,
 title = {CAPTCHA в 1С Битрикс [Электронный ресурс]. - URL: https://dev.1c-bitrix.ru/user\_help/settings/settings/captcha.php}
}
@Misc{HabrCaptcha,
 title = {Разработка CAPTCHA своими руками [Электронный ресурс], - URL: https://habr.com/ru/articles/120615/}
}
@Misc{Proglib,
 title = {<<Ломай меня полностью!>> Как одни алгоритмы генерируют капчу, а другие её взламывают [Электронный ресурс]. - URL: https://proglib.io/p/lomay-menya-polnostyu-kak-odni-algoritmy-generiruyut-kapchu-a-drugie-ee-vzlamyvayut-2020-03-05}
}
@Misc{Simai,
 title = {Как настроить капчу [Электронный ресурс]. - URL: https://support.simai.ru/\\learn/courses/course/3/lesson/309/}
}
@Misc{Klippa,
 title = {Tesseract OCR: How it works and when to use it [Электронный ресурс]. - URL: https://www.klippa.com/en/blog/information/tesseract-ocr/}
}
@Misc{GitTesseract,
 title = {GitHub репозиторий проекта Tesseract [Электронный ресурс]. - URL: https://github.com/tesseract-ocr/tesseract}
}
@Misc{TrainTesseract,
 title = {Training Tesseract OCR with custom data [Электронный ресурс]. - URL: https://saiashish90.medium.com/training-tesseract-ocr-with-custom-data-d3f4881575c0}
}
@Misc{CRNNHabr,
 title = {Снова о распознавании рукописного текста, на этот раз с помощью CRNN [Электронный ресурс]. - URL: https://habr.com/ru/articles/720614/}
}

@Misc{Seq2Seq,
 title = {Модели <<последовательность-последовательность>> [Электронный ресурс]. - URL: https://www.ultralytics.com/ru/glossary/sequence-to-sequence-models}
}

@Comment{jabref-meta: databaseType:biblatex;}
