% Encoding: UTF-8

@book{redmon2016yolov2,
  title={YOLO9000: Better, Faster, Stronger // Proceedings of the IEEE Conference on Computer Vision and Pattern Recognition (CVPR).},
  author={Редмон, Дж. Фархади, А.},
  year={2017}
}

@book{bochkovskiy2020yolov4,
  title={YOLOv4: Optimal speed and accuracy of object detection // arXiv:2004.10934 [Электронный ресурс].},
  author={Бочковский, А. Ван, Ч.-Яо},
  year={2020}
}

@book{ren2015fasterrcnn,
  title={Faster R-CNN: Towards Real-Time Object Detection with Region Proposal Networks // Advances in Neural Information Processing Systems (NeurIPS).},
  author={Жэнь, Ш. Гиршик, Р.},
  volume={28},
  year={2015}
}

@book{carion2020detr,
  title={End-to-End Object Detection with Transformers // European Conference on Computer Vision (ECCV).},
  author={Карион, Н. Масса, Ф.},
  year={2020}
}

@Misc{UltralyticsYOLOv8,
  title = {YOLOv8 - официальная документация [Электронный ресурс]. — URL: https://docs.ultralytics.com}
}

@Misc{CVAT,
  title = {CVAT — инструмент аннотирования изображений [Электронный ресурс]. — URL: https://github.com/opencv/cvat}
}

@Misc{Selenium,
  title = {Selenium WebDriver — автоматизация браузера [Электронный ресурс]. — URL: https://www.selenium.dev/}
}

@Misc{COCO,
  title = {COCO Dataset: Common Objects in Context [Электронный ресурс]. — URL: https://cocodataset.org/}
}

@Comment{jabref-meta: databaseType:biblatex;}
