% Encoding: UTF-8

@Book{STM,
  author    = {Незванов А. И. Трубин В. Г.},
  title     = {Подключение кнопок, дискретных сигналов к микроконтроллеру STM32F103.},
  year      = {2018},
  url       = {http://kb-au.ru/wp-content/uploads/AaSI-2018-4-4.pdf},
}
@Book{schem,
  author    = {Титце У., Шенк К.},
  title     = {Полупроводниковая схемотехника. Том I.},
  year      = {2007},
  url       = {http://lazysmart.ru/wp-content/uploads/2016/07/Tittse-U.-SHenk-K.-Poluprovodnikovaya-shemotehnika.-Tom-I-2007.pdf}
}
@Book{prog,
  author    = {Благодаров, Л. Л. Владимиров, А. В.},
  title     = {Программирование микроконтроллеров.},
  year      = {2016},
  url       = {https://mipt.ru/upload/medialibrary/229/programmirovanie_mikrokontrollerov.pdf},
}

@Misc{chatter,
 title = {[Электронный ресурс] Дребезг контактов — wikipedia.org},
 url = {https://ru.wikipedia.org/wiki/%D0%94%D1%80%D0%B5%D0%B1%D0%B5%D0%B7%D0%B3_%D0%BA%D0%BE%D0%BD%D1%82%D0%B0%D0%BA%D1%82%D0%BE%D0%B2}
}
@Misc{samel,
 title = {[Электронный ресурс] Что такое дребезг контактов и как его устранить - samelectrik.ru},
 url = {https://samelectrik.ru/chto-takoe-drebezg-kontaktov-i-kak-ego-ustranit.html}
}
@Misc{arduino,
 title = {[Электронный ресурс] Устранение дребезга конаткта кнопки - arduinomaster.ru},
 url = {https://arduinomaster.ru/datchiki-arduino/ustranenie-drebezg-kontaktov-knopki/#i-5}
}
@Misc{sym,
 title = {[Электронный ресурс] Схемы для устранения дребезга контактов механических переключателей - symmetron.ru},
 url = {https://www.symmetron.ru/articles/skhemy-dlya-ustraneniya-drebezga-kontaktov-mekhanicheskikh-pereklyuchateley/}
}
@Misc{dzen,
 title = {[Электронный ресурс] Работаем с кнопками или о дребезге контактов и не только о нем — dzen.ru},
 url = {https://dzen.ru/a/XOITtUZcMACzcgSU}
}
@Misc{asutpp,
 title = {[Электронный ресурс] Дребезг контактов — asutpp.ru},
 url = {https://www.asutpp.ru/drebezg-kontaktov.html}
}

@Comment{jabref-meta: databaseType:biblatex;}
